@article{DBLP:journals/corr/KurkaGZ15,
	author    = {David Burth Kurka and
	Alan Godoy and
	Fernando J. Von Zuben},
	title     = {Online Social Network Analysis: {A} Survey of Research Applications
	in Computer Science},
	journal   = {CoRR},
	volume    = {abs/1504.05655},
	year      = {2015}
}

@article{DBLP:journals/csur/ZubiagaABLP18,
	author    = {Arkaitz Zubiaga and
	Ahmet Aker and
	Kalina Bontcheva and
	Maria Liakata and
	Rob Procter},
	title     = {Detection and Resolution of Rumours in Social Media: {A} Survey},
	journal   = {{ACM} Comput. Surv.},
	volume    = {51},
	number    = {2},
	pages     = {32:1--32:36},
	year      = {2018}
}

@inproceedings{DBLP:conf/sirocco/KostkaOW08,
	author    = {Jan Kostka and
	Yvonne Anne Oswald and
	Roger Wattenhofer},
	title     = {Word of Mouth: Rumor Dissemination in Social Networks},
	booktitle = {{SIROCCO}},
	series    = {Lecture Notes in Computer Science},
	volume    = {5058},
	pages     = {185--196},
	publisher = {Springer},
	year      = {2008}
}

@article{vosoughi2018spread,
	title={The spread of true and false news online},
	author={Vosoughi, Soroush and Roy, Deb and Aral, Sinan},
	journal={Science},
	volume={359},
	number={6380},
	pages={1146--1151},
	year={2018},
	publisher={American Association for the Advancement of Science}
}

@inproceedings{DBLP:conf/sigmetrics/ShahZ10,
	author    = {Devavrat Shah and
	Tauhid Zaman},
	title     = {Detecting sources of computer viruses in networks: theory and experiment},
	booktitle = {{SIGMETRICS}},
	pages     = {203--214},
	publisher = {{ACM}},
	year      = {2010}
}

@article{DBLP:journals/tit/ShahZ11,
	author    = {Devavrat Shah and
	Tauhid Zaman},
	title     = {Rumors in a Network: Who's the Culprit?},
	journal   = {{IEEE} Trans. Inf. Theory},
	volume    = {57},
	number    = {8},
	pages     = {5163--5181},
	year      = {2011}
}

@inproceedings{DBLP:conf/kdd/LappasTGM10,
	author    = {Theodoros Lappas and
	Evimaria Terzi and
	Dimitrios Gunopulos and
	Heikki Mannila},
	title     = {Finding effectors in social networks},
	booktitle = {{KDD}},
	pages     = {1059--1068},
	publisher = {{ACM}},
	year      = {2010}
}

@inproceedings{DBLP:conf/coling/KochkinaLZ18,
	author    = {Elena Kochkina and
	Maria Liakata and
	Arkaitz Zubiaga},
	title     = {All-in-one: Multi-task Learning for Rumour Verification},
	booktitle = {{COLING}},
	pages     = {3402--3413},
	publisher = {Association for Computational Linguistics},
	year      = {2018}
}

@inproceedings{DBLP:conf/socinfo/ZubiagaLP17,
	author    = {Arkaitz Zubiaga and
	Maria Liakata and
	Rob Procter},
	title     = {Exploiting Context for Rumour Detection in Social Media},
	booktitle = {SocInfo {(1)}},
	series    = {Lecture Notes in Computer Science},
	volume    = {10539},
	pages     = {109--123},
	publisher = {Springer},
	year      = {2017}
}

@inproceedings{DBLP:conf/www/Ma0W19,
	author    = {Jing Ma and
	Wei Gao and
	Kam{-}Fai Wong},
	title     = {Detect Rumors on Twitter by Promoting Information Campaigns with Generative
	Adversarial Learning},
	booktitle = {{WWW}},
	pages     = {3049--3055},
	publisher = {{ACM}},
	year      = {2019}
}

@inproceedings{DBLP:conf/naacl/NguyenDCD19,
	author    = {Duc Minh Nguyen and
	Tien Huu Do and
	A. Robert Calderbank and
	Nikos Deligiannis},
	title     = {Fake News Detection using Deep Markov Random Fields},
	booktitle = {{NAACL-HLT} {(1)}},
	pages     = {1391--1400},
	publisher = {Association for Computational Linguistics},
	year      = {2019}
}

@article{DBLP:journals/corr/abs-1906-05659,
	author    = {Xishuang Dong and
	Uboho Victor and
	Shanta Chowdhury and
	Lijun Qian},
	title     = {Deep Two-path Semi-supervised Learning for Fake News Detection},
	journal   = {CoRR},
	volume    = {abs/1906.05659},
	year      = {2019}
}

@inproceedings{DBLP:conf/semeval/EnayetE17,
	author    = {Omar Enayet and
	Samhaa R. El{-}Beltagy},
	title     = {NileTMRG at SemEval-2017 Task 8: Determining Rumour and Veracity Support
	for Rumours on Twitter},
	booktitle = {SemEval@ACL},
	pages     = {470--474},
	publisher = {Association for Computational Linguistics},
	year      = {2017}
}

@inproceedings{DBLP:conf/semeval/X17a,
	title     = {Turing at SemEval-2017 Task 8: Sequential Approach to Rumour Stance
	Classification with Branch-LSTM},
	booktitle = {SemEval@ACL},
	pages     = {475--480},
	publisher = {The Association for Computer Linguistics},
	year      = {2017}
}

@inproceedings{DBLP:conf/coling/ZubiagaKLPL16,
	author    = {Arkaitz Zubiaga and
	Elena Kochkina and
	Maria Liakata and
	Rob Procter and
	Michal Lukasik},
	title     = {Stance Classification in Rumours as a Sequential Task Exploiting the
	Tree Structure of Social Media Conversations},
	booktitle = {{COLING}},
	pages     = {2438--2448},
	publisher = {{ACL}},
	year      = {2016}
}

@inproceedings{DBLP:conf/acl/LiZS19,
	author    = {Quanzhi Li and
	Qiong Zhang and
	Luo Si},
	title     = {Rumor Detection by Exploiting User Credibility Information, Attention
	and Multi-task Learning},
	booktitle = {{ACL} {(1)}},
	pages     = {1173--1179},
	publisher = {Association for Computational Linguistics},
	year      = {2019}
}

@inproceedings{DBLP:conf/acl/KumarC19,
	author    = {Sumeet Kumar and
	Kathleen M. Carley},
	title     = {Tree LSTMs with Convolution Units to Predict Stance and Rumor Veracity
	in Social Media Conversations},
	booktitle = {{ACL} {(1)}},
	pages     = {5047--5058},
	publisher = {Association for Computational Linguistics},
	year      = {2019}
}

@inproceedings{DBLP:conf/emnlp/QazvinianRRM11,
	author    = {Vahed Qazvinian and
	Emily Rosengren and
	Dragomir R. Radev and
	Qiaozhu Mei},
	title     = {Rumor has it: Identifying Misinformation in Microblogs},
	booktitle = {{EMNLP}},
	pages     = {1589--1599},
	publisher = {{ACL}},
	year      = {2011}
}

@inproceedings{DBLP:conf/www/ChengNB20,
	author    = {Mingxi Cheng and
	Shahin Nazarian and
	Paul Bogdan},
	title     = {VRoC: Variational Autoencoder-aided Multi-task Rumor Classifier Based
	on Text},
	booktitle = {{WWW}},
	pages     = {2892--2898},
	publisher = {{ACM} / {IW3C2}},
	year      = {2020}
}

@article{DBLP:journals/corr/abs-1912-08926,
	author    = {Sardar Hamidian and
	Mona T. Diab},
	title     = {Rumor Detection and Classification for Twitter Data},
	journal   = {CoRR},
	volume    = {abs/1912.08926},
	year      = {2019}
}

@inproceedings{DBLP:conf/emnlp/Kim14,
	author    = {Yoon Kim},
	title     = {Convolutional Neural Networks for Sentence Classification},
	booktitle = {{EMNLP}},
	pages     = {1746--1751},
	publisher = {{ACL}},
	year      = {2014}
}

@article{DBLP:journals/tacl/BojanowskiGJM17,
	author    = {Piotr Bojanowski and
	Edouard Grave and
	Armand Joulin and
	Tomas Mikolov},
	title     = {Enriching Word Vectors with Subword Information},
	journal   = {Trans. Assoc. Comput. Linguistics},
	volume    = {5},
	pages     = {135--146},
	year      = {2017}
}