@article{DBLP:journals/corr/KurkaGZ15,
	author    = {David Burth Kurka and
	Alan Godoy and
	Fernando J. Von Zuben},
	title     = {Online Social Network Analysis: {A} Survey of Research Applications
	in Computer Science},
	journal   = {CoRR},
	volume    = {abs/1504.05655},
	year      = {2015}
}

@article{DBLP:journals/csur/ZubiagaABLP18,
	author    = {Arkaitz Zubiaga and
	Ahmet Aker and
	Kalina Bontcheva and
	Maria Liakata and
	Rob Procter},
	title     = {Detection and Resolution of Rumours in Social Media: {A} Survey},
	journal   = {{ACM} Comput. Surv.},
	volume    = {51},
	number    = {2},
	pages     = {32:1--32:36},
	year      = {2018}
}

@inproceedings{DBLP:conf/sirocco/KostkaOW08,
	author    = {Jan Kostka and
	Yvonne Anne Oswald and
	Roger Wattenhofer},
	title     = {Word of Mouth: Rumor Dissemination in Social Networks},
	booktitle = {{SIROCCO}},
	series    = {Lecture Notes in Computer Science},
	volume    = {5058},
	pages     = {185--196},
	publisher = {Springer},
	year      = {2008}
}

@article{vosoughi2018spread,
	title={The spread of true and false news online},
	author={Vosoughi, Soroush and Roy, Deb and Aral, Sinan},
	journal={Science},
	volume={359},
	number={6380},
	pages={1146--1151},
	year={2018},
	publisher={American Association for the Advancement of Science}
}

@inproceedings{DBLP:conf/sigmetrics/ShahZ10,
	author    = {Devavrat Shah and
	Tauhid Zaman},
	title     = {Detecting sources of computer viruses in networks: theory and experiment},
	booktitle = {{SIGMETRICS}},
	pages     = {203--214},
	publisher = {{ACM}},
	year      = {2010}
}

@article{DBLP:journals/tit/ShahZ11,
	author    = {Devavrat Shah and
	Tauhid Zaman},
	title     = {Rumors in a Network: Who's the Culprit?},
	journal   = {{IEEE} Trans. Inf. Theory},
	volume    = {57},
	number    = {8},
	pages     = {5163--5181},
	year      = {2011}
}

@inproceedings{DBLP:conf/kdd/LappasTGM10,
	author    = {Theodoros Lappas and
	Evimaria Terzi and
	Dimitrios Gunopulos and
	Heikki Mannila},
	title     = {Finding effectors in social networks},
	booktitle = {{KDD}},
	pages     = {1059--1068},
	publisher = {{ACM}},
	year      = {2010}
}

@inproceedings{DBLP:conf/coling/KochkinaLZ18,
	author    = {Elena Kochkina and
	Maria Liakata and
	Arkaitz Zubiaga},
	title     = {All-in-one: Multi-task Learning for Rumour Verification},
	booktitle = {{COLING}},
	pages     = {3402--3413},
	publisher = {Association for Computational Linguistics},
	year      = {2018}
}

@inproceedings{DBLP:conf/socinfo/ZubiagaLP17,
	author    = {Arkaitz Zubiaga and
	Maria Liakata and
	Rob Procter},
	title     = {Exploiting Context for Rumour Detection in Social Media},
	booktitle = {SocInfo {(1)}},
	series    = {Lecture Notes in Computer Science},
	volume    = {10539},
	pages     = {109--123},
	publisher = {Springer},
	year      = {2017}
}

@inproceedings{DBLP:conf/www/Ma0W19,
	author    = {Jing Ma and
	Wei Gao and
	Kam{-}Fai Wong},
	title     = {Detect Rumors on Twitter by Promoting Information Campaigns with Generative
	Adversarial Learning},
	booktitle = {{WWW}},
	pages     = {3049--3055},
	publisher = {{ACM}},
	year      = {2019}
}

@inproceedings{DBLP:conf/naacl/NguyenDCD19,
	author    = {Duc Minh Nguyen and
	Tien Huu Do and
	A. Robert Calderbank and
	Nikos Deligiannis},
	title     = {Fake News Detection using Deep Markov Random Fields},
	booktitle = {{NAACL-HLT} {(1)}},
	pages     = {1391--1400},
	publisher = {Association for Computational Linguistics},
	year      = {2019}
}

@article{DBLP:journals/corr/abs-1906-05659,
	author    = {Xishuang Dong and
	Uboho Victor and
	Shanta Chowdhury and
	Lijun Qian},
	title     = {Deep Two-path Semi-supervised Learning for Fake News Detection},
	journal   = {CoRR},
	volume    = {abs/1906.05659},
	year      = {2019}
}

@inproceedings{DBLP:conf/semeval/EnayetE17,
	author    = {Omar Enayet and
	Samhaa R. El{-}Beltagy},
	title     = {NileTMRG at SemEval-2017 Task 8: Determining Rumour and Veracity Support
	for Rumours on Twitter},
	booktitle = {SemEval@ACL},
	pages     = {470--474},
	publisher = {Association for Computational Linguistics},
	year      = {2017}
}

@inproceedings{DBLP:conf/semeval/X17a,
	title     = {Turing at SemEval-2017 Task 8: Sequential Approach to Rumour Stance
	Classification with Branch-LSTM},
	booktitle = {SemEval@ACL},
	pages     = {475--480},
	publisher = {The Association for Computer Linguistics},
	year      = {2017}
}

@inproceedings{DBLP:conf/coling/ZubiagaKLPL16,
	author    = {Arkaitz Zubiaga and
	Elena Kochkina and
	Maria Liakata and
	Rob Procter and
	Michal Lukasik},
	title     = {Stance Classification in Rumours as a Sequential Task Exploiting the
	Tree Structure of Social Media Conversations},
	booktitle = {{COLING}},
	pages     = {2438--2448},
	publisher = {{ACL}},
	year      = {2016}
}

@inproceedings{DBLP:conf/acl/LiZS19,
	author    = {Quanzhi Li and
	Qiong Zhang and
	Luo Si},
	title     = {Rumor Detection by Exploiting User Credibility Information, Attention
	and Multi-task Learning},
	booktitle = {{ACL} {(1)}},
	pages     = {1173--1179},
	publisher = {Association for Computational Linguistics},
	year      = {2019}
}

@inproceedings{DBLP:conf/acl/KumarC19,
	author    = {Sumeet Kumar and
	Kathleen M. Carley},
	title     = {Tree LSTMs with Convolution Units to Predict Stance and Rumor Veracity
	in Social Media Conversations},
	booktitle = {{ACL} {(1)}},
	pages     = {5047--5058},
	publisher = {Association for Computational Linguistics},
	year      = {2019}
}

@inproceedings{DBLP:conf/emnlp/QazvinianRRM11,
	author    = {Vahed Qazvinian and
	Emily Rosengren and
	Dragomir R. Radev and
	Qiaozhu Mei},
	title     = {Rumor has it: Identifying Misinformation in Microblogs},
	booktitle = {{EMNLP}},
	pages     = {1589--1599},
	publisher = {{ACL}},
	year      = {2011}
}

@inproceedings{DBLP:conf/www/ChengNB20,
	author    = {Mingxi Cheng and
	Shahin Nazarian and
	Paul Bogdan},
	title     = {VRoC: Variational Autoencoder-aided Multi-task Rumor Classifier Based
	on Text},
	booktitle = {{WWW}},
	pages     = {2892--2898},
	publisher = {{ACM} / {IW3C2}},
	year      = {2020}
}

@article{DBLP:journals/corr/abs-1912-08926,
	author    = {Sardar Hamidian and
	Mona T. Diab},
	title     = {Rumor Detection and Classification for Twitter Data},
	journal   = {CoRR},
	volume    = {abs/1912.08926},
	year      = {2019}
}

@inproceedings{DBLP:conf/emnlp/Kim14,
	author    = {Yoon Kim},
	title     = {Convolutional Neural Networks for Sentence Classification},
	booktitle = {{EMNLP}},
	pages     = {1746--1751},
	publisher = {{ACL}},
	year      = {2014}
}

@article{DBLP:journals/tacl/BojanowskiGJM17,
	author    = {Piotr Bojanowski and
	Edouard Grave and
	Armand Joulin and
	Tomas Mikolov},
	title     = {Enriching Word Vectors with Subword Information},
	journal   = {Trans. Assoc. Comput. Linguistics},
	volume    = {5},
	pages     = {135--146},
	year      = {2017}
}

@inproceedings{DBLP:conf/acl/JohnsonZ17,
	author    = {Rie Johnson and
	Tong Zhang},
	title     = {Deep Pyramid Convolutional Neural Networks for Text Categorization},
	booktitle = {{ACL} {(1)}},
	pages     = {562--570},
	publisher = {Association for Computational Linguistics},
	year      = {2017}
}

@article{DBLP:journals/corr/SzegedyLJSRAEVR14,
	author    = {Christian Szegedy and
	Wei Liu and
	Yangqing Jia and
	Pierre Sermanet and
	Scott E. Reed and
	Dragomir Anguelov and
	Dumitru Erhan and
	Vincent Vanhoucke and
	Andrew Rabinovich},
	title     = {Going Deeper with Convolutions},
	journal   = {CoRR},
	volume    = {abs/1409.4842},
	year      = {2014}
}

@inproceedings{DBLP:conf/nips/MikolovSCCD13,
	author    = {Tomas Mikolov and
	Ilya Sutskever and
	Kai Chen and
	Gregory S. Corrado and
	Jeffrey Dean},
	title     = {Distributed Representations of Words and Phrases and their Compositionality},
	booktitle = {{NIPS}},
	pages     = {3111--3119},
	year      = {2013}
}

@inproceedings{DBLP:conf/emnlp/PenningtonSM14,
	author    = {Jeffrey Pennington and
	Richard Socher and
	Christopher D. Manning},
	title     = {Glove: Global Vectors for Word Representation},
	booktitle = {{EMNLP}},
	pages     = {1532--1543},
	publisher = {{ACL}},
	year      = {2014}
}

@article{DBLP:journals/corr/JoulinGBDJM16,
	author    = {Armand Joulin and
	Edouard Grave and
	Piotr Bojanowski and
	Matthijs Douze and
	Herv{\'{e}} J{\'{e}}gou and
	Tomas Mikolov},
	title     = {FastText.zip: Compressing text classification models},
	journal   = {CoRR},
	volume    = {abs/1612.03651},
	year      = {2016}
}

@inproceedings{DBLP:conf/eacl/GraveMJB17,
	author    = {Armand Joulin and
	Edouard Grave and
	Piotr Bojanowski and
	Tomas Mikolov},
	title     = {Bag of Tricks for Efficient Text Classification},
	booktitle = {{EACL} {(2)}},
	pages     = {427--431},
	publisher = {Association for Computational Linguistics},
	year      = {2017}
}

@misc{googlenews,	
	title = {Google News Word2Vector},	
	howpublished = {\url{https://code.google.com/archive/p/word2vec/}}	
}

@article{DBLP:journals/neco/HochreiterS97,
	author    = {Sepp Hochreiter and
	J{\"{u}}rgen Schmidhuber},
	title     = {Long Short-Term Memory},
	journal   = {Neural Computation},
	volume    = {9},
	number    = {8},
	pages     = {1735--1780},
	year      = {1997}
}

@article{DBLP:journals/ml/DomingosP97,
	author    = {Pedro M. Domingos and
	Michael J. Pazzani},
	title     = {On the Optimality of the Simple Bayesian Classifier under Zero-One
	Loss},
	journal   = {Mach. Learn.},
	volume    = {29},
	number    = {2-3},
	pages     = {103--130},
	year      = {1997}
}

@book{avriel2003nonlinear,
	title={Nonlinear programming: analysis and methods},
	author={Avriel, Mordecai},
	year={2003},
	publisher={Courier Corporation}
}

@inproceedings{DBLP:conf/iccl2/Soto-FerrariCEH19,
	author    = {Milton Soto{-}Ferrari and
	Odette Chams{-}Anturi and
	Juan P. Escorcia{-}Caballero and
	Namra Hussain and
	Muhammad Khan},
	title     = {Evaluation of Bottom-Up and Top-Down Strategies for Aggregated Forecasts:
	State Space Models and {ARIMA} Applications},
	booktitle = {{ICCL}},
	series    = {Lecture Notes in Computer Science},
	volume    = {11756},
	pages     = {413--427},
	publisher = {Springer},
	year      = {2019}
}

@inproceedings{DBLP:conf/icccsec/WenYTWZSTYW18,
	author    = {Yu Wen and
	Ke Yao and
	Chunlin Tian and
	Yao Wu and
	Zhongmin Zhang and
	Yaning Shi and
	Yin Tian and
	Jin Yang and
	Peiqi Wang},
	title     = {Aggregated Multimodal Bidirectional Recurrent Model for Audiovisual
	Speech Recognition},
	booktitle = {{ICCCS} {(6)}},
	series    = {Lecture Notes in Computer Science},
	volume    = {11068},
	pages     = {380--391},
	publisher = {Springer},
	year      = {2018}
}

@inproceedings{DBLP:conf/wsc/LaippleMSWF18,
	author    = {Georg Laipple and
	Marcin Mosinski and
	Oliver Sch{\"{o}}nherr and
	Elias Winter and
	Kai Furmans},
	title     = {Aggregated Hierarchical Modeling and simulation in semiconductor supply
	Chains},
	booktitle = {{WSC}},
	pages     = {3603--3614},
	publisher = {{IEEE}},
	year      = {2018}
}

@article{DBLP:journals/ml/Breiman96b,
	author    = {Leo Breiman},
	title     = {Bagging Predictors},
	journal   = {Mach. Learn.},
	volume    = {24},
	number    = {2},
	pages     = {123--140},
	year      = {1996}
}

@article{DBLP:journals/corr/MnihKSGAWR13,
	author    = {Volodymyr Mnih and
	Koray Kavukcuoglu and
	David Silver and
	Alex Graves and
	Ioannis Antonoglou and
	Daan Wierstra and
	Martin A. Riedmiller},
	title     = {Playing Atari with Deep Reinforcement Learning},
	journal   = {CoRR},
	volume    = {abs/1312.5602},
	year      = {2013}
}

@article{DBLP:journals/ml/WatkinsD92,
	author    = {Christopher J. C. H. Watkins and
	Peter Dayan},
	title     = {Technical Note Q-Learning},
	journal   = {Mach. Learn.},
	volume    = {8},
	pages     = {279--292},
	year      = {1992}
}

@article{DBLP:journals/nature/MnihKSRVBGRFOPB15,
	author    = {Volodymyr Mnih and
	Koray Kavukcuoglu and
	David Silver and
	Andrei A. Rusu and
	Joel Veness and
	Marc G. Bellemare and
	Alex Graves and
	Martin A. Riedmiller and
	Andreas Fidjeland and
	Georg Ostrovski and
	Stig Petersen and
	Charles Beattie and
	Amir Sadik and
	Ioannis Antonoglou and
	Helen King and
	Dharshan Kumaran and
	Daan Wierstra and
	Shane Legg and
	Demis Hassabis},
	title     = {Human-level control through deep reinforcement learning},
	journal   = {Nat.},
	volume    = {518},
	number    = {7540},
	pages     = {529--533},
	year      = {2015}
}

@inproceedings{DBLP:conf/aaai/HasseltGS16,
	author    = {Hado van Hasselt and
	Arthur Guez and
	David Silver},
	title     = {Deep Reinforcement Learning with Double Q-Learning},
	booktitle = {{AAAI}},
	pages     = {2094--2100},
	publisher = {{AAAI} Press},
	year      = {2016}
}

@article{DBLP:journals/corr/SchulmanWDRK17,
	author    = {John Schulman and
	Filip Wolski and
	Prafulla Dhariwal and
	Alec Radford and
	Oleg Klimov},
	title     = {Proximal Policy Optimization Algorithms},
	journal   = {CoRR},
	volume    = {abs/1707.06347},
	year      = {2017}
}

@inproceedings{DBLP:journals/corr/LillicrapHPHETS15,
	author    = {Timothy P. Lillicrap and
	Jonathan J. Hunt and
	Alexander Pritzel and
	Nicolas Heess and
	Tom Erez and
	Yuval Tassa and
	David Silver and
	Daan Wierstra},
	title     = {Continuous control with deep reinforcement learning},
	booktitle = {{ICLR} (Poster)},
	year      = {2016}
}

@inproceedings{DBLP:conf/icml/SilverLHDWR14,
	author    = {David Silver and
	Guy Lever and
	Nicolas Heess and
	Thomas Degris and
	Daan Wierstra and
	Martin A. Riedmiller},
	title     = {Deterministic Policy Gradient Algorithms},
	booktitle = {{ICML}},
	series    = {{JMLR} Workshop and Conference Proceedings},
	volume    = {32},
	pages     = {387--395},
	publisher = {JMLR.org},
	year      = {2014}
}

@inproceedings{DBLP:conf/aaai/KimJSR16,
	author    = {Yoon Kim and
	Yacine Jernite and
	David A. Sontag and
	Alexander M. Rush},
	title     = {Character-Aware Neural Language Models},
	booktitle = {{AAAI}},
	pages     = {2741--2749},
	publisher = {{AAAI} Press},
	year      = {2016}
}

@inproceedings{DBLP:conf/nips/MillerU96,
	author    = {David J. Miller and
	Hasan S. Uyar},
	title     = {A Mixture of Experts Classifier with Learning Based on Both Labelled
	and Unlabelled Data},
	booktitle = {{NIPS}},
	pages     = {571--577},
	publisher = {{MIT} Press},
	year      = {1996}
}